@book{Washington:2008,
 author = {Washington, Lawrence C.},
 title = {Elliptic Curves: Number Theory and Cryptography, Second Edition},
 year = {2008},
 edition = {2},
 publisher = {Chapman \& Hall/CRC},
}

@book{Hankerson:2003,
 author = {Hankerson, Darrel and Menezes, Alfred J. and Vanstone, Scott},
 title = {Guide to Elliptic Curve Cryptography},
 year = {2003},
 publisher = {Springer-Verlag New York, Inc.},
}

@book{Silverman:2009,
  title={The Arithmetic of Elliptic Curves},
  author={Silverman, J.H.},
  year={2009},
  publisher={Springer New York},
}

@book{Menezes:1996,
 author = {Menezes, Alfred J. and Vanstone, Scott A. and Van Oorschot, Paul C.},
 title = {Handbook of Applied Cryptography},
 year = {1996},
 edition = {1},
 publisher = {CRC Press, Inc.},
}

@book{Hartshorne:1977,
  title={Algebraic Geometry},
  author={Hartshorne, R.},
  year={1977},
  publisher={Springer},
}
